<?xml version="1.0" encoding="UTF-8"?><collection xmlns="http://www.loc.gov/MARC21/slim"><record><leader>00435nam--2200133-i-4500</leader><controlfield tag="001">000001393</controlfield><controlfield tag="002">20161230</controlfield><controlfield tag="005">20161230201024</controlfield><controlfield tag="008">060222s1000------------r-----000-0-eng-d</controlfield><datafield ind1=" " ind2=" " tag="080"><subfield code="a">621.039.556</subfield></datafield><datafield ind1=" " ind2=" " tag="245"><subfield code="a">Reference neutron radiographs of nuclear reactor fuel neutronogrammes de reference pour le combustible nucleaire</subfield></datafield><datafield ind1=" " ind2=" " tag="260"><subfield code="a">Dordrecht, D.Reidel Publishing Company, 1984. /Pag.Dif.</subfield></datafield><datafield ind1=" " ind2=" " tag="700"><subfield code="a">Domanus, J.C./S.A.</subfield></datafield><datafield ind1=" " ind2=" " tag="852"><subfield code="a">72661</subfield></datafield></record></collection>